<?xml version="1.0" encoding="UTF-8"?><collection xmlns="http://www.loc.gov/MARC21/slim"><record><leader>00331nam--2200121-i-4500</leader><controlfield tag="001">000033879</controlfield><controlfield tag="002">20161230</controlfield><controlfield tag="005">20161230201039</controlfield><controlfield tag="008">060222s1000------------r-----000-0-eng-d</controlfield><datafield ind1=" " ind2=" " tag="100"><subfield code="a">Melville, H., Gowenlock, B.G</subfield></datafield><datafield ind1=" " ind2=" " tag="245"><subfield code="a">Experimental methods in gas reactions</subfield></datafield><datafield ind1=" " ind2=" " tag="260"><subfield code="a">London, Macmillan &amp; Co.Ltd., 1964. Viii+464p</subfield></datafield><datafield ind1=" " ind2=" " tag="852"><subfield code="a">21673</subfield></datafield></record></collection>